<?xml version="1.0" encoding="UTF-8"?><collection xmlns="http://www.loc.gov/MARC21/slim"><record><leader>00379nam--2200133-i-4500</leader><controlfield tag="001">000024971</controlfield><controlfield tag="002">20161230</controlfield><controlfield tag="005">20170211150022</controlfield><controlfield tag="008">060222s1000------------r-----000-0-eng-d</controlfield><datafield ind1=" " ind2=" " tag="245"><subfield code="a">Department of atomic energy annual report 1982-1983</subfield></datafield><datafield ind1=" " ind2=" " tag="260"><subfield code="a">Bombay</subfield><subfield code="b">N.S.Ray At The Book Centre Ltd</subfield><subfield code="c">1983</subfield></datafield><datafield ind1=" " ind2=" " tag="300"><subfield code="a">56 p</subfield></datafield><datafield ind1=" " ind2=" " tag="852"><subfield code="a">061.6(540):001.818(047.1)</subfield></datafield><datafield ind1=" " ind2=" " tag="CAT"><subfield code="a">SYS</subfield><subfield code="c">20170211</subfield><subfield code="h">150022</subfield></datafield></record></collection>